

@book{Atk89,
  author    = {Atkinson, Kendall },
  title     = {An Introduction to Numerical Analysis, 2nd Edition},
  publisher = {Wiley},
  year      = {1989},
  isbn      = {978-0-471-62489-9},
 }

@article{Bol15,
  author    = {Sylvie Boldo and
               Jacques{-}Henri Jourdan and
               Xavier Leroy and
               Guillaume Melquiond},
  title     = {Verified Compilation of Floating-Point Computations},
  journal   = {J. Autom. Reasoning},
  volume    = {54},
  number    = {2},
  pages     = {135--163},
  year      = {2015},
}
@inproceedings{Call17,
  author    = {Wei{-}Fan Chiang and
               Mark Baranowski and
               Ian Briggs and
               Alexey Solovyev and
               Ganesh Gopalakrishnan and
               Zvonimir Rakamaric},
  title     = {Rigorous floating-point mixed-precision tuning},
  booktitle = {POPL},
  pages     = {300--315},
  year      = {2017},
  publisher = {{ACM}}
}

@inproceedings{Cal87,
  author    = {Paul Caspi and
               Daniel Pilaud and
               Nicolas Halbwachs and
               John Plaice},
  title     = {Lustre: {A} Declarative Language for Programming Synchronous Systems},
  booktitle = {{ACM} Symposium on Principles
               of Programming Languages},
  pages     = {178--188},
  year      = {1987},
  publisher = {{ACM} Press},
}

 
 @inproceedings{Dal16,
  author    = {Christophe Denis and
               Pablo de Oliveira Castro and
               Eric Petit},
  title     = {Verificarlo: Checking Floating Point Accuracy through Monte Carlo
               Arithmetic},
  booktitle = {23nd {IEEE} Symposium on Computer Arithmetic, {ARITH} 2016},
  pages     = {55--62},
  year      = {2016},
  publisher = {{IEEE} Computer Society}
}
 
 @inproceedings{DK14,
  author    = {Eva Darulova and
               Viktor Kuncak},
  title     = {Sound compilation of reals},
  booktitle = {Symposium on Principles of
               Programming Languages, {POPL} '14},
  pages     = {235--248},
  year      = {2014},
  publisher = {{ACM}},
}

@article{DMC15,
  author    = {Nasrine Damouche and
               Matthieu Martel and
               Alexandre Chapoutot},
  title     = {Improving the numerical accuracy of programs by automatic transformation},
  journal   = {{STTT}},
  volume    = {19},
  number    = {4},
  pages     = {427--448},
  year      = {2017}
}
  


@inproceedings{DMC15b,
  author    = {N. Damouche and
               M. Martel and
               A. Chapoutot},
  title     = {Impact of Accuracy Optimization on the Convergence of Numerical Iterative Methods},
  booktitle = {LOPSTR'15},
  pages     = {1--18},
  series    = {LNCS},
  volume    = {{LNCS} 9527},
  publisher = {Springer},
  year      = {2015},
}



@inproceedings{Fral17,
  author    = {Anthony Di Franco and
               Hui Guo and
               Cindy Rubio{-}Gonz{\'{a}}lez},
  title     = {A comprehensive study of real-world numerical bug characteristics},
  booktitle = {{IEEE/ACM} International Conference on Automated
               Software Engineering, {ASE} 2017},
  pages     = {509--519},
  year      = {2017},
  publisher = {{IEEE} Computer Society}
}




@inproceedings{Gou13,
  author    = {Eric Goubault},
  title     = {Static Analysis by Abstract Interpretation of Numerical
               Programs and Systems, and {FLUCTUAT}},
  year      = {2013},
  pages     = {1-3},
  booktitle     = {{SAS}},
  publisher = {Springer},
  series    = {LNCS},
  volume    = {7935}
}

@article{Har07,
  author    = {John Harrison},
  title     = {Floating-Point Verification},
  journal   = {J. {UCS}},
  volume    = {13},
  number    = {5},
  pages     = {629--638},
  year      = {2007},
}



@manual{IEEE754,
  organization = {ANSI/IEEE},
  title        = {IEEE Standard for Binary Floating-point Arithmetic},
  key          = {ANSI/IEEE},
  year         = {2008}
}

@inproceedings{Lal13,
  author    = {Michael O. Lam and
               Jeffrey K. Hollingsworth and
               Bronis R. de Supinski and
               Matthew P. LeGendre},
  title     = {Automatically adapting programs for mixed-precision floating-point
               computation},
  booktitle = {Supercomputing, ICS'13},
  pages     = {369--378},
  year      = {2013},
   publisher = {{ACM}},
}


@article{Lee18,
  author    = {Wonyeol Lee and
               Rahul Sharma and
               Alex Aiken},
  title     = {On automatically proving the correctness of math.h implementations},
  journal   = {{PACMPL}},
  volume    = {2},
  number    = {{POPL}},
  pages     = {47:1--47:32},
  year      = {2018},
 }


 @book{Mal97,
  author    = {Milner, Robin and Harper, Robert and MacQueen,  David and Tofte, Mads},
  title     = {The Definition of Standard ML},
  publisher = {{MIT} Press},
  year      = {1997},
  isbn      = {978-0-262-63181-5},
 }
 @inproceedings{Mar17,
  author    = {Matthieu Martel},
  title     = {Floating-Point Format Inference in Mixed-Precision},
  booktitle = {{NASA} Formal Methods},
  pages     = {230--246},
  year      = {2017},
  series    = {Lecture Notes in Computer Science},
  volume    = {10227},
}
@manual{MENTOR,
  author = {Mentor Graphics},
  title        = {Algorithmic C Datatypes},
  edition      = {Software Version 2.6},
  key          = {MG},
  year         = {2011},
  note ={\url{http://www.mentor.com/esl/catapult/algorithmic}}
}
@inproceedings{Mou08,
  author    = {Leonardo Mendon{\c{c}}a de Moura and
               Nikolaj Bj{\o}rner},
  title     = {{Z3:} An Efficient {SMT} Solver},
  booktitle = {{TACAS}},
  pages     = {337--340},
  year      = {2008},
  series    = {LNCS},
  volume    = {4963},
  publisher = {Springer}
}
@inproceedings{Nal16,
  author    = {Cuong Nguyen and Cindy Rubio-Gonzalez and Benjamin Mehne and Koushik Sen
and James Demmel and William Kahan and Costin Iancu and Wim Lavrijsen and David H. Bailey  and David Hough},
  title     = {Floating-Point Precision Tuning Using Blame Analysis},
  booktitle = {Int. Conf. on Software Engineering (ICSE)},
  year      = {2016},
  publisher = {{ACM}}
}

@inproceedings{Pal15,
  author    = {Pavel Panchekha and
               Alex Sanchez{-}Stern and
               James R. Wilcox and
               Zachary Tatlock},
  title     = {Automatically improving accuracy for floating point expressions},
  booktitle = {{PLDI}},
  pages     = {1--11},
  year      = {2015},
  publisher = {{ACM}}
}

@book{Pie02,
  author    = {Pierce,  Benjamin C. },
  title     = {Types and programming languages},
  publisher = {{MIT} Press},
  year      = {2002},
  isbn      = {978-0-262-16209-8},
}
@book{Pie04,
  editor    = {Pierce, Benjamin C. },
  title     = {Advanced Topics in Types and Programming Languages},
  publisher = {{MIT} Press},
  year      = {2004},
  isbn      = {978-0-262-33266-8},
 }

@inproceedings{Ral13,
  author    = {Cindy Rubio-Gonzalez and
               Cuong Nguyen and
               Hong Diep Nguyen and
               James Demmel and
               William Kahan and
               Koushik Sen and
               David H. Bailey and
               Costin Iancu and
               David Hough},
  title     = {Precimonious: tuning assistant for floating-point precision},
  booktitle = {Int. Conf. for High Performance Computing, Networking,
               Storage and Analysis},
  pages     = {27:1--27:12},
  year      = {2013},
  publisher = {{ACM}}
}

@inproceedings{Sal15,
  author    = {Alexey Solovyev and
               Charles Jacobsen and
               Zvonimir Rakamaric and
               Ganesh Gopalakrishnan},
  title     = {Rigorous Estimation of Floating-Point Round-off Errors with Symbolic
               Taylor Expansions},
  booktitle = {Formal Methods},
  pages     = {532--550},
  year      = {2015},
  series    = {LNCS},
  volume    = {9109},
  publisher = {Springer},
}

